<record><leader>00000cas a2200000 a 4500</leader><controlfield tag="001">12493519</controlfield><controlfield tag="008">850905d19021983paudr ne      0    0eng c</controlfield><datafield ind1=" " ind2=" " tag="010"><subfield code="a">sn 85055055 </subfield></datafield><datafield ind1=" " ind2=" " tag="040"><subfield code="a">NPH</subfield><subfield code="b">eng</subfield><subfield code="c">NPH</subfield><subfield code="d">NYS</subfield><subfield code="d">OCLCQ</subfield><subfield code="d">OCLCF</subfield><subfield code="d">OCLCO</subfield></datafield><datafield ind1="1" ind2=" " tag="029"><subfield code="a">AU@</subfield><subfield code="b">000025276152</subfield></datafield><datafield ind1=" " ind2=" " tag="042"><subfield code="a">pcc</subfield></datafield><datafield ind1=" " ind2=" " tag="043"><subfield code="a">n-us-pa</subfield></datafield><datafield ind1="0" ind2=" " tag="130"><subfield code="a">Morning press (Bloomsburg, Pa.)</subfield></datafield><datafield ind1="1" ind2="4" tag="245"><subfield code="a">The morning press.</subfield></datafield><datafield ind1=" " ind2=" " tag="260"><subfield code="a">Bloomsburg, Pa. :</subfield><subfield code="b">C.T. Vanderslice and Paul Eyerly,</subfield><subfield code="c">1902-1983.</subfield></datafield><datafield ind1=" " ind2=" " tag="300"><subfield code="a">81 v. ;</subfield><subfield code="c">53-59 cm.</subfield></datafield><datafield ind1=" " ind2=" " tag="310"><subfield code="a">Daily</subfield></datafield><datafield ind1="0" ind2=" " tag="362"><subfield code="a">Vol. 1, no. 1 (Mar. 1, 1902)-v. 83, no. 87 (June 30, 1983).</subfield></datafield><datafield ind1=" " ind2="0" tag="651"><subfield code="a">Bloomsburg (Pa.)</subfield><subfield code="v">Newspapers.</subfield></datafield><datafield ind1=" " ind2="0" tag="651"><subfield code="a">Columbia County (Pa.)</subfield><subfield code="v">Newspapers.</subfield></datafield><datafield ind1=" " ind2="7" tag="655"><subfield code="a">Newspapers.</subfield><subfield code="2">fast</subfield><subfield code="0">(OCoLC)fst01423814</subfield></datafield><datafield ind1=" " ind2="7" tag="651"><subfield code="a">Pennsylvania</subfield><subfield code="z">Bloomsburg.</subfield><subfield code="2">fast</subfield><subfield code="0">(OCoLC)fst01211983</subfield></datafield><datafield ind1=" " ind2="7" tag="651"><subfield code="a">Pennsylvania</subfield><subfield code="z">Columbia County.</subfield><subfield code="2">fast</subfield><subfield code="0">(OCoLC)fst01211220</subfield></datafield><datafield ind1=" " ind2=" " tag="752"><subfield code="a">United States</subfield><subfield code="b">Pennsylvania</subfield><subfield code="c">Columbia</subfield><subfield code="d">Bloomsburg.</subfield></datafield><datafield ind1="0" ind2="7" tag="785"><subfield code="t">Berwick enterprise (Berwick, Pa. : 1907)</subfield><subfield code="w">(DLC)sn 85055053</subfield><subfield code="w">(OCoLC)12493516</subfield></datafield><datafield ind1="0" ind2="7" tag="785"><subfield code="t">Press-enterprise (Bloomsburg, Pa.)</subfield><subfield code="w">(DLC)sn 83008210</subfield><subfield code="w">(OCoLC)9668910</subfield></datafield></record>